
@article{colognaTrustClimateScience2023,
	title = {Trust in climate science and climate scientists: A qualitative review},
	author = {Cologna, Viktoria and Kotcher, John and Mede, Niels G. and Besley, John and Maibach, Edward and Oreskes, Naomi},
	doi = {10.31234/osf.io/hj2xk},
	langid = {en-us}
}
